

@misc{coq,
  howpublished = "\url{http://coq.inria.fr}"
}

@misc{isabelle,
  howpublished = "\url{http://www.cl.cam.ac.uk/research/hvg/isabelle}"
}

@misc{nusmv,
  howpublished = "\url{http://nusmv.fbk.eu}"
}

@misc{vcc,
  howpublished = "\url{http://research.microsoft.com/en-us/projects/vcc}"
}

@misc{why3,
  howpublished = "\url{http://why3.lri.fr}"
}

@MANUAL{ACSL,
  title = {{ACSL: ANSI/ISO C Specification Language}},
  author = {Patrick Baudin and Jean-Christophe Filliâtre and Claude Marché and
	Benjamin Monate and Yannick Moy and Virgile Prevosto},
  edition = {1.7},
  month = apr,
  year = {2013},
  note = {available at \url{http://frama-c.com/download/acsl.pdf}},
  owner = {virgile},
  quality = {1},
  timestamp = {2013.07.16}
}

@misc{gulliver,
  howpublished = "\url{http://gulliver.eu.org/free_software_for_formal_verification}"
}

@InProceedings{Souyris.Delmas.2007,
  author =       {Jean Souyris and David Delmas},
  title =        {{Experimental Assessment of Astrée on Safety-Critical Avionics Software}},
  booktitle = {{Proc. Int. Conf. Computer Safety, Reliability, and Security, SAFECOMP 2007}},
  year =      2007,
  volume =    4680,
  series =    {LNCS},
  month =     sep,
  publisher = {Springer}}

@INPROCEEDINGS{Cousot.Cousot.1976,
AUTHOR  = {P. Cousot and R. Cousot},
TITLE   = {Static Determination of Dynamic Properties of Programs},
BOOKTITLE       = {Proc. 2nd Int. Symp. on Programming},
PUBLISHER       = {Dunot},
ADDRESS = {Paris},
PAGES   = {106--130},
YEAR    = {1976}
}



@INBOOK{Ledinot.Pariente.2010,
AUTHOR  = {Dillon Pariente and Emmanuel Ledinot},
TITLE   = {Formal Verification of Industrial C Code using Frama-C:
        A Case Study},
PAGES   = {205--219},
CROSSREF        = {Beckert.Marche.2010}
}


@INBOOK{Clarke.Schlingloff.2001,
AUTHOR  = {Edmund M. Clarke and Bernd-Holger Schlingloff},
TITLE   = {Model Checking},
PAGES   = {1637--1790},
CROSSREF        = {Robinson.Voronkov.2001}
}


@BOOK{Robinson.Voronkov.2001,
TITLE   = {Handbook of Automated Reasoning},
EDITOR  = {Alan Robinson and Andrei Voronkov},
PUBLISHER       = {Elsevier},
YEAR    = {2001}
}

@BOOK{DO-178C,
AUTHOR  = {RTCA SC-205},
TITLE   = {Software Considerations in Airborne Systems and
        Equipment Certification (DO-178C)},
ADDRESS = {Washington/DC},
PUBLISHER       = {Radio Technical Commission for Aeronautics (RTCA Inc.)},
MONTH   = {Dec},
YEAR    = {2011}
}



@BOOK{DO-333,
AUTHOR  = {RTCA SC-205},
TITLE   = {Formal Methods Supplement to DO-178C and DO-278A (DO-333)},
ADDRESS = {Washington/DC},
PUBLISHER       = {Radio Technical Commission for Aeronautics (RTCA Inc.)},
MONTH   = {Dec},
YEAR    = {2011}
}


@MISC{en50128,
  TITLE        = {{EN 50128: Railway applications - Communication, signalling and processing systems - Software for railway control and protection systems}},
  AUTHOR             = {{CENELEC, European Committee for Electrotechnical Standardization}},
  MONTH        = {June},
  YEAR         = {2011}
}


@TECHREPORT{Beckert.Marche.2010,
EDITOR  = {Bernhard Beckert and Claude March\'e},
KEY     = {Bernhard Beckert and Claude March\'e},
TITLE   = {Formal Verification of Object Oriented Software ---
        Papers presented at the International Conference, June 28--30,
        Paris},
INSTITUTION     = {Karlsruher Institut f\"ur Technologie},
TYPE    = {Karlsruhe Report in Informatics},
NUMBER  = {2010--13},
PAGES   = {369},
YEAR    = {2010}
}

@ARTICLE{Hoare.Wirth.1973,
  author = {C.A.R. {H}oare and Niklaus {W}irth},
  title = {{A}n axiomatic definition of the programming language {P}ascal},
  journal = {Acta Informatica},
  year = 1973,
  volume = 2,
  pages = {335 - 355},
}

@ARTICLE{Hoare.1969,
  author = {C. A. R. Hoare},
  title = {An axiomatic basis for computer programming},
  journal = {Communications of the ACM},
  year = 1969,
  volume = 12,
  pages = {576–580 and 583},
  number = 10,
  month = {October},
}

@INPROCEEDINGS{Cuoq.2012,
  author = {Pascal Cuoq and Florent Kirchner and Nikolai Kosmatov and Virgile
	Prevosto and Julien Signoles and Boris Yakobowski},
  title = {{Frama-C: a Software Analysis Perspective}},
  booktitle = {Proceedings of Software Engineering and Formal Methods (SEFM)},
  year = {2012},
  volume = {7504},
  series = {LNCS},
  pages = {233-247},
  publisher = {Springer},
}
