%% This BibTeX bibliography file was created using BibDesk.
%% http://bibdesk.sourceforge.net/


%% Created for Jan Peleska at 2013-08-27 12:05:00 +0200 


%% Saved with string encoding Unicode (UTF-8) 



@incollection{ftscs,
year={2015},
isbn={978-3-319-17580-5},
booktitle={Formal Techniques for Safety-Critical Systems},
volume={476},
series={Communications in Computer and Information Science},
editor={Artho, Cyrille and {\"O}lveczky, Peter Csaba},
title={Formal Modeling and Verification of Interlocking Systems Featuring Sequential Release},
publisher={Springer International Publishing},
keywords={Railway interlocking systems; Formal verification; Bounded model checking; Inductive reasoning; RobustRails; Safety-critical systems},
author={Vu, Linh H. and Haxthausen, Anne E. and Peleska, Jan},
pages={223-238},
language={English}
}

@incollection{huebner15,
  series = {{Lecture Notes in Computer Science}},
  title     = {Experimental Evaluation of a Novel Equivalence Class Partition Testing Strategy},
  booktitle   = {Proceedings of the 9th International Conference on Tests \& Proofs TAP~2015},
  author    = {Felix H{\"u}bner and
               Huang, Wen-ling and
               Jan Peleska},
    publisher = {Springer},
    number = {9154},
    year   = {2015},
}
 

@article{peleska_sttt_2014,
year={2014},
issn={1433-2779},
journal={International Journal on Software Tools for Technology Transfer},
doi={10.1007/s10009-014-0356-8},
title={Complete model-based equivalence class testing},
url={http://dx.doi.org/10.1007/s10009-014-0356-8},
publisher={Springer Berlin Heidelberg},
keywords={Model-based testing; Equivalence class partition testing; Complete test strategies; State transition systems; SysML state machines},
author={Huang, Wen-ling and Peleska, Jan},
pages={1-19},
language={English}
}

@incollection{peleska_csm_2014,
    series = {Lecture Notes in Computer Science},
    title = {Complete Model-Based Equivalence Class Testing for the {ETCS} Ceiling Speed Monitor},
    language = {en},
    number = {8829},
    booktitle = {Proceedings of the ICFEM~2014},
    publisher = {Springer},
    author = {C{\'e}cile Braunstein and Anne E. Haxthausen and Huang, Wen-ling and Felix H{\"u}bner
              and Jan Peleska and Uwe Schulze and Linh Vu Hong},
    editor = {S. Merz and J. Pang},
    month = nov,
    year = {2014},
    pages = {380-395}
}

@techreport{csmTechReport,
	Author = {C{\'e}cile Braunstein and {Wen-ling} Huang and Jan Peleska and Uwe Schulze and 
        Felix H{\"u}bner and Anne E. Haxthausen and Linh Vu Hong},

	Institution = {Embedded Systems Testing Benchmarks Site},
	Note = {Available under {\tt http://www.mbt-benchmarks.org}},
	Number = {},
	Title = {A {SysML} Test Model and Test Suite for the {ETCS} Ceiling Speed Monitor},
	Year = {2014-04-30}}

@incollection{peleska2013ictss,
year={2013},
isbn={978-3-642-41706-1},
booktitle={Testing Software and Systems},
volume={8254},
series={Lecture Notes in Computer Science},
editor={Yenig{\"u}n, H{\"u}sn{\"u} and Yilmaz, Cemal and Ulrich, Andreas},
doi={10.1007/978-3-642-41707-8_4},
title={Exhaustive Model-Based Equivalence Class Testing},
url={http://dx.doi.org/10.1007/978-3-642-41707-8_4},
publisher={Springer Berlin Heidelberg},
keywords={Model-based testing; Equivalence class partition testing; Kripke Structures; UML/SysML state machines},
author={Huang, Wen-ling and Peleska, Jan},
pages={49-64}
}



@inproceedings{EPTCS111.1,
	Author = {Peleska, Jan},
	Booktitle = {{\rm Proceedings Eighth Workshop on} Model-Based Testing, {\rm Rome, Italy, 17th March 2013}},
	Doi = {10.4204/EPTCS.111.1},
	Editor = {Petrenko, Alexander K. and Schlingloff, Holger},
	Pages = {3-28},
	Publisher = {Open Publishing Association},
	Series = {Electronic Proceedings in Theoretical Computer Science},
	Title = {Industrial-Strength Model-Based Testing - State of the Art and Current Challenges},
	Volume = {111},
	Year = {2013},
	Bdsk-Url-1 = {http://dx.doi.org/10.4204/EPTCS.111.1}}

@article{peleska2012e,
	Author = {J{\"or}rg and Jan Peleska and Uwe Schulze},
	Date-Added = {2012-11-21 10:10:14 +0000},
	Date-Modified = {2012-11-21 10:12:35 +0000},
	Title = {Efficient and Trustworthy Tool Qualification for Model-Based Testing Tools},
	Year = {2012}}

@article{peleska2012d,
	Author = {Claus Ballegard Nielsen and Peter Gorm Larsen and John S. Fitzgerald and Jim Woodcock and Jan Peleska},
	Date-Added = {2012-08-16 11:47:54 +0000},
	Date-Modified = {2012-08-16 11:51:32 +0000},
	Journal = {ACM Computing Surveys},
	Note = {To be submitted in September 2012},
	Title = {Model-based Methods in the Engineering of System of Systems: Foundations, Tools and Applications},
	Year = {2013}}

@inproceedings{Mende&11,
	Author = {Thilo Mende and Rainer Koschke and Jan Peleska},
	Booktitle = {Proceedings of the 15th European Conference on Software Maintenance and Reengineering (CSMR'11)},
	Date-Added = {2012-08-15 13:54:39 +0000},
	Date-Modified = {2012-08-15 13:55:15 +0000},
	Key = {Mende\&11},
	Pages = {259-268},
	Publisher = {IEEE Computer Society Press},
	Title = {On the Utility of a Defect Prediction Model during HW/SW Integration Testing: A Retrospective Case Study},
	Year = {2011}}

@article{peleska2011b,
	Author = {Anne E. Haxthausen and Jan Peleska and Sebastian Kinder},
	Date-Added = {2012-08-15 10:24:16 +0000},
	Date-Modified = {2012-08-15 10:43:33 +0000},
	Journal = {Formal Aspects of Computing},
	Number = {2},
	Pages = {191--219},
	Title = {A formal approach for the construction and verification of railway control systems},
	Volume = {23},
	Year = {2011}}

@inproceedings{peleska2010c,
	Author = {Jan Peleska and Oliver Schulz},
	Booktitle = {Proceedings of the SAFECOMP 2010},
	Date-Added = {2012-08-15 10:19:42 +0000},
	Date-Modified = {2012-08-15 10:22:00 +0000},
	Editor = {Erwin Schoitsch},
	Number = {6351},
	Pages = {1--14},
	Publisher = {Springer},
	Series = {{Lecture Notes in Computer Science}},
	Title = {Reliability Analysis of Safety-Related Communication Architectures},
	Year = {2010}}

@article{peleska2010d,
	Author = {Johannes Feuser and Jan Peleska},
	Date-Added = {2012-08-15 10:16:27 +0000},
	Date-Modified = {2012-08-15 10:18:19 +0000},
	Journal = {Electronic Communications of the EASST},
	Title = {Security in Open Model Software with Hardware Virtualisation - The Railway Control System Perspective},
	Volume = {33},
	Year = {2010}}

@inproceedings{peleska2009a,
	Author = {Jan Peleska},
	Booktitle = {Proceedings of the TuZ2009, 21. Workshop f{\"u}r Testmethoden und Zuverl{\"a}ssigkeit von Schaltungen und Systemen},
	Date-Added = {2012-08-15 10:12:02 +0000},
	Date-Modified = {2012-08-15 10:13:19 +0000},
	Editor = {Rolf Drechsler},
	Title = {Model-based testing of embedded control systems in the railway, avionic and automotive domains},
	Year = {2009}}

@inproceedings{peleska2012c,
	Address = {Heidelberg Dordrecht London New York},
	Author = {J{\"o}rg Brauer and Jan Peleska and Uwe Schulze},
	Booktitle = {Testing Software and Systems. Proceedings of the 24th IFIP WG 6.1 International Conference, ICTSS 2012, Aalborg, Denmark, November 2012},
	Date-Added = {2012-08-15 10:00:32 +0000},
	Date-Modified = {2012-11-21 10:34:20 +0000},
	Editor = {Brian Nielsen and Carsten Weise},
	Number = {7641},
	Pages = {8-23},
	Publisher = {Springer},
	Series = {Lecture Notes in Computer Science},
	Title = {Efficient and Trustworthy Tool Qualification for Model-Based Testing Tools},
	Year = {2012}}

@inbook{peleska2012b,
	Author = {Jan Peleska and Johannes Feuser and Anne E. Haxthausen},
	Date-Added = {2012-08-15 09:45:09 +0000},
	Date-Modified = {2012-08-15 09:48:57 +0000},
	Editor = {Francesco Flammini},
	Month = {June},
	Pages = {22--52},
	Publisher = {IGI Global},
	Title = {The Model-Driven openETCS Paradigm for Secure, Safe and Certifiable Train Control Systems},
	Year = {2012}}


@techreport{d341,
	Author = {{Wen-ling} Huang and Jan Peleska and Uwe Schulze},
	Date-Added = {2013-09-25 09:00:52 +0000},
	Date-Modified = {2013-09-29 12:47:42 +0000},
	Institution = {{COMPASS} Comprehensive Modelling for Advanced Systems of Systems},
	Note = {Available under {\tt http://www.compass-research.eu/deliverables.html}},
	Number = {D34.1},
	Title = {Test Automation Support},
	Year = {2013}}


@techreport{pel2012extended,
	Author = {{Wen-ling} Huang and Jan Peleska and Uwe Schulze},
	Date-Added = {2012-04-30 17:28:12 +0000},
	Date-Modified = {2013-08-27 10:04:53 +0000},
	Institution = {{COMPASS}},
	Month = {October},
	Note = {Available under http://www.compass-research.eu/deliverables.html},
	Number = {D34.2},
	Title = {Comprehensive Modelling for Advanced Systems of Systems -- Specialised Test Strategies},
	Type = {Public Document},
	Year = {2013}}

@article{peleska1997a,
	Author = {J. Peleska and M. Siegel},
	Date-Added = {2011-12-18 18:15:50 +0000},
	Date-Modified = {2011-12-18 18:17:47 +0000},
	Journal = {South African Computer Jounal},
	Pages = {53-77},
	Title = {Test Automation of Safety-Critical Reactive Systems},
	Volume = {19},
	Year = {1997}}

@inproceedings{pel2011a,
	Address = {Heidelberg Dordrecht London New York},
	Author = {Jan Peleska and Artur Honisch and Florian Lapschies and Helge L{\"o}ding and Hermann Schmid and Peer Smuda and Elena Vorobev and Cornelia Zahlten},
	Booktitle = {Testing Software and Systems. Proceedings of the 23rd IFIP WG 6.1 International Conference, ICTSS 2011},
	Date-Added = {2011-12-18 17:13:37 +0000},
	Date-Modified = {2011-12-18 17:42:28 +0000},
	Editor = {Burkhart Wolff and Fatiha Zaidi},
	Month = {November},
	Organization = {IFIP WG 6.1},
	Pages = {146-161},
	Publisher = {Springer},
	Series = {{Lecture Notes in Computer Science}},
	Title = {A Real-World Benchmark Model for Testing Concurrent Real-Time Systems in the Automotive Domain},
	Volume = {7019},
	Year = {2011}}

@misc{benchmarksite2011,
	Author = {Jan Peleska and Artur Honisch and Florian Lapschies and Helge L{\"o}ding and Hermann Schmid and Peer Smuda and Elena Vorobev and Cornelia Zahlten},
	Note = {http://www.mbt-benchmarks.org},
	Title = {Embedded Systems Testing Benchmark},
	Year = {2011}}

@inproceedings{HP98,
	Author = {A. Haxthausen and J. Peleska},
	Booktitle = {Proceedings of First FMERail Workshop},
	Title = {Formal {D}evelopment and {V}erification of a {D}istributed {R}ailway {C}ontrol {S}ystem},
	Year = {1998}}

@inproceedings{HP99,
	Author = {A. E. Haxthausen and J. Peleska},
	Booktitle = {Proceedings of Formal Methods World Congress FM'99},
	Number = {1709},
	Pages = {1546 -- 1563},
	Publisher = {Springer},
	Series = {Lecture Notes in Computer Science},
	Title = {{Formal Development and Verification of a Distributed Railway Control System}},
	Year = {1999}}

@inproceedings{PBH00,
	Author = {J. Peleska and A. Baer and A. E. Haxthausen},
	Booktitle = {Proceedings of the 9th IFAC Symposium on Control in Transportation Systems 2000, June 13-15, 2000, Braunschweig, Germany},
	Editors = {E. Schnieder and U. Becker},
	Pages = {147-152},
	Title = {{Towards Domain-Specific Formal Specification Languages for Railway Control Systems}},
	Year = {2000}}

@article{HP00,
	Author = {A. E. Haxthausen and J. Peleska},
	Journal = {IEEE Transaction on Software Engineering},
	Number = {8},
	Pages = {687--701},
	Title = {{Formal Development and Verification of a Distributed Railway Control System}},
	Volume = {26},
	Year = {2000}}

@inproceedings{HP00b,
	Author = {A. E. Haxthausen and J. Peleska},
	Booktitle = {Forms '99 - Formale Techniken f{\"{u}}r die Eisenbahnsicherung Fortschritt-Berichte VDI, Reihe 12, Nr. 436},
	Editors = {E. Schnieder},
	Pages = {263-271},
	Publisher = {VDI-Verlag, D{\"{u}}sseldorf},
	Title = {{Formal Methods for the Specification and Verification of Distributed Railway Control Systems: From Algebraic Specifications to Distributed Hybrid Real-Time Systems}},
	Year = {2000}}

@misc{peleska-ftrtft98,
	Author = {Jan Peleska},
	Howpublished = {Tutorial, held at the FTRTFT '98, Denmark Technical University, Lyngby},
	Note = {Updated revision. Available as \mylink{http://www.informatik.uni-bremen.de/agbs/jp/papers/ftrtft98.ps}},
	Title = {Testing Reactive Real-Time Systems},
	Year = {1998}}

@inproceedings{HP02,
	Author = {A. E. Haxthausen and J. Peleska},
	Booktitle = {Proceedings of the Sixth Biennial World Conference on Integrated Design and Process Technology, (IDPT2002), Pasadena, California},
	Month = {June 23-28},
	Title = {{A Domain Specific Language for Railway Control Systems}},
	Year = {2002}}

@inproceedings{HP03a,
	Author = {A. E. Haxthausen and J. Peleska},
	Booktitle = {Proceedings of the Symposium on Formal Methods for Railway Operation and Control Systems (FORMS'2003), Budapest/Hungary},
	Editors = {G. Tarnai and E. Schnieder},
	Month = {May 15-16},
	Pages = {83-90},
	Publisher = {L'Harmattan Hongrie},
	Title = {{Generation of Executable Railway Control Components from Domain-Specific Descriptions}},
	Year = {2003}}

@inproceedings{HP03b,
	Author = {A. E. Haxthausen and J. Peleska},
	Booktitle = {Proceedings of the 10th IFAC Symposium on Control in Transportation Systems.},
	Editors = {S. Tsugawa and M. Aoki},
	Publisher = {Elsevier Science Ltd, Oxford},
	Title = {{Automatic Verification, Validation and Test for Railway Control Systems based on Domain-Specific Descriptions}},
	Year = {2003}}

@inproceedings{HP04,
	Booktitle = {Proceedings of the FORMS/FORMAT 2004 - Formal Methods for Automation and Safety in Railway and Automotive Systems},
	Editor = {E. Schnieder and G. Tarnai},
	Month = {December},
	Note = {ISBN 3-9803363-8-7},
	Pages = {252-265},
	Publisher = {Technical University of Braunschweig},
	Title = {Automated Verification for Train Control Systems},
	Year = {2004}}

@inproceedings{Peleska02,
	Author = {Jan Peleska},
	Booktitle = {Proc. of the Sixth Biennial World Conference on Integrated Design \& Process Technology (IDPT2002), Pasadena, California, June 23-28, 2002},
	Month = jun,
	Note = {ISSN 1090-9389},
	Organization = {Society for Design and Process Science},
	Title = {Formal Methods for Test Automation - Hard Real-Time Testing of Controllers for the Airbus Aircraft Family},
	Year = {2002}}

@inproceedings{CSP2Hybrid,
	Author = {Jan Peleska},
	Booktitle = {Communicating Sequential Processes: The First 25 Years. Symposium on the Occasion of 25 Years of CSP, London, UK, July 7-8, 2004. Revised Invited Papers},
	Editor = {Ali E. Abdallah and Cliff B. Jones and Jeff W. Sanders},
	Pages = {293--320},
	Publisher = {Springer},
	Series = {{Lecture Notes in Computer Science}},
	Title = {Applied Formal Methods - From {CSP} to Executable Hybrid Specifications},
	Volume = {3525},
	Year = {2005}}

@inproceedings{PT02,
	Author = {Peleska, J. and Tsiolakis, A.},
	Booktitle = {Proceedings of the 3rd ICSTEST -- International Conference on Software Testing},
	Month = apr,
	Title = {Automated {I}ntegration {T}esting for {A}vionics {S}ystems},
	Year = {2002}}

@inproceedings{PBFE99,
	Author = {Peleska, J. and Bisanz, S. and Fi{\ss} I. and Endre{\ss} M.},
	Booktitle = {Modelling and simulation: A tool for the next millenium. 13th {E}uropean {S}imulation {M}ulticonference 1999},
	Crossref = {Szc99},
	Editor = {Szczerbicka, H.},
	Pages = {575-580},
	Title = {Non-{S}tandard {G}raphical {S}imulation {T}echniques for {T}est {S}pecification {D}evelopment},
	Year = {1999}}

@proceedings{Szc99,
	Address = {Delft},
	Editor = {Szczerbicka, H.},
	Publisher = {Society for Computer Simulation International},
	Title = {Modelling and simulation: A tool for the next millenium. 13th {E}uropean {S}imulation {M}ulticonference 1999},
	Volume = {1},
	Year = {1999}}

@inproceedings{hp95,
	Address = {Englewood Cliffs NJ},
	Author = {Ute Hamer and Jan Peleska},
	Booktitle = {Applications of Formal Methods},
	Editor = {Michael Hinchey and Jonathan Bowen},
	Pages = {253--284},
	Publisher = {Prentice Hall International},
	Title = {{Z Applied to the A330/340 CIDS Cabin Communication System}},
	Year = {1995}}

@misc{dfgspp,
	Key = {{DFG}},
	Note = {\mylink{http://tfs.cs.tu-berlin.de/projekte/indspec/SPP}},
	Organization = {Deutsche Forschungsgemeinschaft DFG},
	Title = {{Priority Programme Software Specification -- Integration of Software Specification Techniques for Applications in Engineering}}}

@incollection{BBHP03,
	Annote = {selected for publication in The International Journal on Software Tools for Technology Transfer},
	Author = {Kirsten Berkenk\"otter and Stefan Bisanz and Ulrich Hannemann and Jan Peleska},
	Month = oct,
	Note = {\mylink{http://www-verimag.imag.fr/EVENTS/2003/SVERTS/}},
	Publisher = {SVERTS Workshop at the UML 2003 Conference},
	Title = {{H}ybrid{UML} {P}rofile for {UML 2.0}},
	Year = {2003}}

@article{BBHP06,
	Author = {Kirsten Berkenk\"otter and Stefan Bisanz and Ulrich Hannemann and Jan Peleska},
	Journal = {International Journal on Software Tools for Technology Transfer (STTT)},
	Month = {January},
	Note = {Special Section on Specification and Validation of Models of Real Time and Embedded Systems with {UML}},
	Title = {The {H}ybrid{UML} {P}rofile for {UML 2.0}},
	Year = {2006}}

@techreport{HL3TZI,
	Address = {Bremen},
	Author = {Kirsten Berkenk\"otter and Stefan Bisanz and Ulrich Hannemann and Jan Peleska and Aliki Tsiolakis},
	Institution = {Technologie Zentrum Informatik TZI, Universit\"at Bremen},
	Month = jun,
	Note = {to appear},
	Number = {31},
	Title = {The {H}ybrid {L}ow {L}evel {L}anguage {$HL^3$}},
	Year = {2004}}

@article{HybridUMLtesting,
	Author = {Kirsten Berkenk\"otter and Stefan Bisanz and Jan Peleska and Aliki Tsiolakis},
	Journal = {To be submitted to Formal Aspects of Computing Journal (FACS)},
	Month = may,
	Title = {Automated {T}est {D}ata {G}eneration for {H}ybrid {S}ystems},
	Year = 2004}

@inproceedings{__old:BBHP04:dfg,
	Author = {Kirsten Berkenk\"otter and Stefan Bisanz and Ulrich Hannemann and Jan Peleska},
	Booktitle = {Integration of Software Specification Techniques for Applications in Engineering},
	Editor = {H. Ehrig and W. Damm and J. Desel and M. Gro{\ss}e-Rhode and W. Reif and E. Schnieder and E. Westk\"amper},
	Month = sep,
	Note = {{ISBN} 3-540-23135-8},
	Pages = {145--173},
	Publisher = {Springer},
	Series = {Lecture Notes in Computer Science},
	Title = {{E}xecutable {H}ybrid{UML} and Its {A}pplication to {T}rain {C}ontrol {S}ystems},
	Volume = {3147},
	Year = {2004}}

@inproceedings{BBHP04:dfg,
	Author = {Kirsten Berkenk{\"o}tter and Stefan Bisanz and Ulrich Hannemann and Jan Peleska},
	Bibsource = {DBLP, http://dblp.uni-trier.de},
	Booktitle = {SoftSpez Final Report},
	Crossref = {DBLP:conf/dfg/2004},
	Ee = {http://springerlink.metapress.com/openurl.asp?genre=article{\&}issn=0302-9743{\&}volume=3147{\&}spage=145},
	Pages = {145--173},
	Title = {{E}xecutable {H}ybrid{UML} and Its {A}pplication to {T}rain {C}ontrol {S}ystems.},
	Year = {2004}}

@proceedings{DBLP:conf/dfg/2004,
	Bibsource = {DBLP, http://dblp.uni-trier.de},
	Booktitle = {SoftSpez Final Report},
	Editor = {Hartmut Ehrig and Werner Damm and J{\"o}rg Desel and Martin Gro{\ss}e-Rhode and Wolfgang Reif and Eckehard Schnieder and Engelbert Westk{\"a}mper},
	Isbn = {3-540-23135-8},
	Month = sep,
	Publisher = {Springer},
	Series = {Lecture Notes in Computer Science},
	Title = {Integration of Software Specification Techniques for Applications in Engineering, Priority Program SoftSpez of the German Research Foundation (DFG), Final Report},
	Volume = {3147},
	Year = {2004}}

@article{BBHP04:atp,
	Author = {Kirsten Berkenk\"otter and Stefan Bisanz and Ulrich Hannemann and Jan Peleska},
	Journal = {atp -- {A}utomatisierungstechnische {P}raxis},
	Month = aug,
	Note = {{ISSN} 0178-2320},
	Number = {8},
	Pages = {54--60},
	Publisher = {{O}ldenbourg {I}ndustrieverlag},
	Title = {{S}pezifikation von {E}chtzeit-{A}utomatisierungssystemen mit {H}ybrid{UML}},
	Volume = {46},
	Year = {2004}}

@inproceedings{BZL04,
	Author = {Stefan Bisanz and Paul Ziemann and Arne Lindow},
	Crossref = {FORMS2004},
	Pages = {191--203},
	Title = {{I}ntegrated {S}pecification, {V}alidation and {V}erification with {HybridUML} and {OCL} applied to the {BART} {C}ase {S}tudy}}

@proceedings{FORMS2004,
	Address = {Braunschweig},
	Booktitle = {{FORMS/FORMAT 2004}. {F}ormal {M}ethods for {A}utomation and {S}afety in {R}ailway and {A}utomotive {S}ystems},
	Editor = {Eckehard Schnieder and G{\'e}za Tarnai},
	Month = dec,
	Note = {Proceedings of Symposium FORMS/FORMAT 2004, Braunschweig, Germany, 2nd and 3rd December 2004. ISBN 3-9803363-8-7.},
	Year = {2004}}

@book{Peleska:1996,
	Author = {Peleska, Jan},
	Month = dec,
	Note = {Habilitationsschrift},
	Number = {9612},
	Publisher = {Christian-Albrechts-Universit\"at Kiel, Institut fr Informatik und Praktische Mathematik},
	Title = {Formal Methods and the Development of Dependable Systems},
	Year = {1996}}

@misc{Pel2005,
	Howpublished = {Presentation at TRain@SEFM2005 workshop, Koblenz, Germany},
	Month = {September, 5th - 6th},
	Note = {Presentation slides available under \mylink{http://www.tzi.de/agbs/jp/papers/peleska\_et\_al\_train2005\_slides.pdf}},
	Title = {Domain-Specific Formalisms and Model-Driven Development for Railway Control Systems},
	Year = {2005}}

@inproceedings{Pel2006a,
	Booktitle = {Submitted to SAFECOMP'2006, The 25th International Conference on Computer Safety, Reliability and Security. Gdansk, Poland},
	Month = {26-29 September},
	Title = {Model-Driven Development and Verification in the Railway Domain},
	Year = {2006}}

@inproceedings{Pel2006b,
	Author = {Sebastian Kinder and Jan Peleska and Rolf Drechsler},
	Booktitle = {Submitted to Memocode (Fourth ACM-IEEE International Conference on Formal Methods and Models for Codesign) 2006, Napa Valley, California},
	Month = {27th -- 29th July},
	Title = {Modeling and Validation of Counting Heads for Railways using SystemC},
	Year = {2006}}

@techreport{pel2006c,
	Author = {Jan Peleska and Kirsten Berkenk\"otter and Stefan Bisanz and Ulrich Hannemann and Elena Svetogorova},
	Institution = {Universit{\"a}t Bremen},
	Note = {Available under \mylink{http://www.informatik.uni-bremen.de/agbs/jp/papers/hybris2006.html}},
	Title = {{HYBRIS} -- {E}fficient {S}pecification and {A}nalysis of {H}ybrid {S}ystems.},
	Year = {2006}}

@inproceedings{pel2006d,
	Author = {Jan Peleska and Klemens Brumm and Gunnar Jonas and Tobias Hartmann},
	Booktitle = {Presentation on Aerospace Testing 2006, Hamburg, April, 4 - 6, 2006.},
	Month = {April},
	Note = {Available under \mylink{http://www.informatik.uni-bremen.de/agbs/jp/papers/peleska\_et\_al\_AeroSpaceTesting2006-HH.html}},
	Title = {Advancement in Automated Simulation and Testing Technology for Safety-Critical Avionic Systems.},
	Year = {2006}}

@inproceedings{bfpt2006a,
	Address = {Portland Oregon, USA},
	Author = {Bahareh Badban and Martin Fr{\"{a}}nzle and Jan Peleska and Tino Teige},
	Booktitle = {Proceedings of the Third International Workshop on SOFTWARE QUALITY ASSURANCE (SOQUA 2006)},
	Month = {November},
	Optnote = {To appear. An extended version of this paper is available under \texttt{http://www.tzi.de/agbs/projects/hybris}.},
	Title = {Test Automation for Hybrid Systems},
	Year = {2006}}

@manual{rtt2007,
	Address = {Bremen},
	Organization = {Verified Systems International GmbH},
	Title = {RT-Tester~6.2 -- User Manual},
	Year = {2007}}

@inproceedings{pel2007a,
	Author = {Jan Peleska and Helge L{\"o}ding and Tatiana Kotas},
	Booktitle = {Proceedings of the {INFORMATIK} 2007, Band 2, 24. - 27. September, Bremen (Germany)},
	Editor = {Rainer Koschke and Otthein Herzog, Karl-Heinz R{\"o}diger and Marc Ronthaler},
	Pages = {280-286},
	Title = {Test Automation Meets Static Analysis}}

@manual{pl2008saai,
	Author = {Jan Peleska and Helge L{\"o}ding},
	Note = {available under {\texttt{http://www.informatik.uni-bremen.de/agbs/lehre/ws0708/ai/saai\_script.pdf}}},
	Organization = {University of Bremen, Centre of Information Technology},
	Title = {Static Analysis By Abstract Interpretation},
	Year = {2008}}

@inproceedings{peleskaLoeding2008a,
	Author = {Jan Peleska and Helge L{\"o}ding},
	Booktitle = {Proceedings of the 3rd intl Workshop on Systems Software Verification (SSV08)},
	Month = {February},
	Publisher = {Elsevier},
	Series = {Electronic Notes in Theoretical Computer Science},
	Title = {Symbolic and Abstract Interpretation for C/C++ Programs},
	Year = {2008}}

@inproceedings{pel2007b,
	Author = {Jan Peleska and Cornelia Zahlten},
	Booktitle = {Proceedings of the QA+Test 2007 International Conference on QA+Testing Embedded Systems, Bilbao (Spain) 17th - 19th October 2007},
	Optnote = {Best Paper Award},
	Title = {Integrated Automated Test Case Generation and Static Analysis},
	Year = {2007}}

@inproceedings{pel2008b,
	Author = {Jan Peleska and Oliver M{\"o}ller and Helge L{\"o}ding},
	Booktitle = {Proceedings of the Software \& Systems Quality Conference 2008 (SQC 2008)},
	Date-Modified = {2012-08-15 13:57:01 +0000},
	Optnote = {Available under \texttt{http://www.informatik.uni-bremen.de/agbs/jp/jp\_papers\_e.html}},
	Title = {Model-Based Testing for Model-Driven Development with UML/DSL},
	Year = {2008}}

@inproceedings{pel2008d,
	Author = {Jan Peleska},
	Booktitle = {Theoretical Aspects of Computing - ICTAC 2008, 5th International Colloquium},
	Editor = {John S. Fitzgerald and Anne E. Haxthausen and Husnu Yenigun},
	Pages = {3-22},
	Publisher = {Springer},
	Series = {Lecture Notes in Computer Science},
	Title = {A Unified Approach to Abstract Interpretation, Formal Verification and Testing of C/C++ Modules},
	Volume = {5160},
	Year = {2008}}

@inproceedings{peleska2009d,
	Author = {Helge L{\"o}ding and Jan Peleska},
	Booktitle = {Proc. 3rd International Conference on Software Testing, Verification and Validation (ICST'10)},
	Optaddress = {Los Alamitos, CA, USA},
	Publisher = {IEEE Computer Society},
	Title = {Timed Moore automata: test data generation and model checking},
	Year = {2010}}

@article{10.1109/ICST.2010.60,
	Address = {Los Alamitos, CA, USA},
	Author = {Helge Loding and Jan Peleska},
	Doi = {http://doi.ieeecomputersociety.org/10.1109/ICST.2010.60},
	Isbn = {978-0-7695-3990-4},
	Journal = {Software Testing, Verification, and Validation, 2008 International Conference on},
	Pages = {449-458},
	Publisher = {IEEE Computer Society},
	Title = {Timed Moore Automata: Test Data Generation and Model Checking},
	Volume = {0},
	Year = {2010},
	Bdsk-Url-1 = {http://doi.ieeecomputersociety.org/10.1109/ICST.2010.60}}

@inproceedings{pelnfm2011,
	Address = {Pasadena, CA, USA},
	Author = {Jan Peleska and Elena Vorobev and Florian Lapschies},
	Booktitle = {Nasa Formal Methods, Third International Symposium, NFM 2011},
	Editor = {Mihaela Bobaru and Klaus Havelund and Gerard J. Holzmann and Rajeev Joshi},
	Month = {April},
	Pages = {298-312},
	Publisher = {Springer},
	Series = {{Lecture Notes in Computer Science}},
	Title = {Automated Test Case Generation with {SMT}-Solving and Abstract Interpretation},
	Volume = {6617},
	Year = {2011}}

@incollection{pel2008c,
	Author = {Jan Peleska},
	Booktitle = {Correctness, Concurrency and Compositionality -- Festschrift for Willem-Paul de Roever},
	Date-Modified = {2012-08-15 10:08:47 +0000},
	Editor = {Dennis R. Dams and Ulrich Hannemann and Martin Steffen},
	Number = {5930},
	Publisher = {Springer},
	Series = {{Lecture Notes in Computer Science}},
	Title = {Integrated and Automated Abstract Interpretation, Verification and Testing of {C/C++} Modules},
	Year = {2008}}

@techreport{rttmbtreport2011,
	Author = {Jan Peleska and Elena Vorobev and Florian Lapschies and Cornelia Zahlten},
	Note = {http://www.informatik.uni-bremen.de/agbs/testingbenchmarks/turn\_indicator/tool/rtt-mbt.pdf},
	Title = {Automated model-based testing with {RT-Tester}},
	Year = {2011}}

@article{10.1109/ICSTW.2011.72,
	Address = {Los Alamitos, CA, USA},
	Author = {Christof Efkemann and Jan Peleska},
	Doi = {http://doi.ieeecomputersociety.org/10.1109/ICSTW.2011.72},
	Isbn = {978-0-7695-4345-1},
	Journal = {Software Testing Verification and Validation Workshop, IEEE International Conference on},
	Pages = {55-62},
	Publisher = {IEEE Computer Society},
	Title = {Model-Based Testing for the Second Generation of Integrated Modular Avionics},
	Volume = {0},
	Year = {2011},
	Bdsk-Url-1 = {http://doi.ieeecomputersociety.org/10.1109/ICSTW.2011.72}}

@inproceedings{Coleman&12a,
	Author = {Joey W. Coleman and Anders Kaels Malmos and Peter Gorm Larsen and Jan Peleska and Ralph Hains and Zoe Andrews and Richard Payne and Simon Foster and Alvaro Miyazawa and Cristiano Bertolini and Andr{\'{e}} Didier},
	Booktitle = {Proceedings of the 7th International Conference on System of System Engineering, IEEE SoSE 2012},
	Key = {Coleman\&12},
	Month = {July},
	Pages = {451--456},
	Series = {IEEE Systems Journal},
	Title = {{COMPASS Tool Vision for a System of Systems Collaborative Development Environment}},
	Volume = {6},
	Year = {2012}}

@inproceedings{Hallerstede&12a,
	Author = {Stefan Hallerstede and Finn Overgaard Hansen and Jon Holt and Rasmus Lauritsen and Lasse Lorenzen and Jan Peleska},
	Booktitle = {Proceedings of the 7th International Conference on System of System Engineering, IEEE SoSE 2012},
	Key = {Hallerstede\&12a},
	Month = {July},
	Pages = {573--578},
	Series = {IEEE Systems Journal},
	Size = {6},
	Title = {{Technical Challenges of SoS Requirements Engineering}},
	Volume = {6},
	Year = {2012}}

@incollection{HP13,
	Author = {Anne E. Haxthausen and J. Peleska},
	Booktitle = {Railways: Types, Design and Safety Issues},
	Editors = {Cacilie Reinhardt and Klaus Shroeder},
	Pages = {?},
	Publisher = {Nova Science Publishers, Inc.},
	Title = {{Efficient Development and Verification of Safe Railway Control Software}},
	Year = {To appear 2013}}

@inproceedings{EPTCS102.9,
	Author = {Mangels, Tatiana and Peleska, Jan},
	Booktitle = {{\rm Proceedings Seventh Conference on} Systems Software Verification , {\rm Sydney, Australia, 28-30 November 2012}},
	Doi = {10.4204/EPTCS.102.9},
	Editor = {Cassez, Franck and Huuck, Ralf and Klein, Gerwin and Schlich, Bastian},
	Pages = {88-102},
	Publisher = {Open Publishing Association},
	Series = {Electronic Proceedings in Theoretical Computer Science},
	Title = {CTGEN - a Unit Test Generator for C},
	Volume = {102},
	Year = {2012},
	Bdsk-Url-1 = {http://dx.doi.org/10.4204/EPTCS.102.9}}

@inproceedings{openETCS-ToolChain,
	Author = {Johannes Feuser and Jan Peleska},
	Booktitle = {FORMS/FORMAT 2012},
	Editor = {Eckehard Schnieder and G{\'e}za Tarnai},
	Isbn = {978-3-9803363-3-8},
	Language = {English},
	Month = {12},
	Title = {{Model Based Development and Tests for openETCS Applications -- A Comprehensive Tool Chain}},
	Year = {2012}}
