% This file was created with JabRef 2.10.
% Encoding: Cp1252


@InCollection{IFTools14,
  Title                    = {The IF toolset},
  Author                   = {Bozga, Marius and Graf, Susanne and Ober, Ileana and Ober, Iulian and Sifakis, Joseph},
  Booktitle                = {Formal Methods for the Design of Real-Time Systems},
  Publisher                = {Springer Berlin Heidelberg},
  Year                     = {2004},
  Pages                    = {237--267}
}

@InCollection{BHHHPSV14,
  Title                    = {Complete Model-Based Equivalence Class Testing for the ETCS Ceiling Speed Monitor},
  Author                   = {Braunstein, C\'ecile and Haxthausen, AnneE. and Huang, Wen-ling and H\"ubner, Felix and Peleska, Jan and Schulze, Uwe and Vu Hong, Linh},
  Booktitle                = {Formal Methods and Software Engineering},
  Publisher                = {Springer International Publishing},
  Year                     = {2014},
  Editor                   = {Merz, Stephan and Pang, Jun},
  Pages                    = {380-395},
  Series                   = {Lecture Notes in Computer Science},
  Volume                   = {8829},

  Doi                      = {10.1007/978-3-319-11737-9\_25},
  ISBN                     = {978-3-319-11736-2},
  Keywords                 = {Model-based testing; Equivalence class partition testing; SysML; European Train Control System ETCS; Ceiling Speed Monitoring},
  Language                 = {English},
  Url                      = {http://dx.doi.org/10.1007/978-3-319-11737-9\_25}
}

@TechReport{BHSHPSV14,
  Title                    = {A {SysML} Test Model and Test Suite for the ETCS Ceiling Speed Monitor},
  Author                   = {Braunstein, C\'ecile and Peleska, Jan and Schulze, Uwe and H\"ubner, Felix and Huang, Wen-ling and Haxthausen, Anne E. and Vu Hong, Linh},
  Institution              = {University of Bremen},
  Year                     = {2014},

  Language                 = {English},
  Owner                    = {hung_ha},
  Publisher                = {Springer International Publishing},
  Series                   = {Lecture Notes in Computer Science},
  Timestamp                = {2015.12.16},
  Url                      = {http://www.informatik.uni-bremen.de/agbs/testingbenchmarks/openETCS/ceiling-speed-monitoring/testing_the_etcs_csm.pdf}
}

@Unpublished{BHHPS15,
  Title                    = {Evaluation of Model-Based Testing Strategies for the ETCS Ceiling Speed Monitor},
  Author                   = {Braunstein, C{\'e}cile and Huang, Wen-ling and H\"ubner, Felix and Peleska, Jan and Schulze, Uwe},
  Note                     = {submitted to the Journal of Software Testing, Verification and Reliability},
  Year                     = {2015},

  Comment                  = {Available as technical report},
  Owner                    = {hung_ha},
  Timestamp                = {2015.12.18}
}

@TechReport{HHP14,
  Title                    = {Combination of Behavioral and Parametric Diagrams for Model-based Testing -- Application to ETCS Target Speed Monitoring},
  Author                   = {H\"ubner, Felix and Hilken, Christoph and Peleska, Jan},
  Institution              = {openETCS},
  Year                     = {2014},

  Owner                    = {hung_ha},
  Timestamp                = {2015.12.16},
  Url                      = {https://github.com/openETCS/validation/tree/master/VnVUserStories/VnVUserStoryUniBremen/04-Results}
}

@InCollection{HueHuPe15,
  Title                    = {Experimental Evaluation of a Novel Equivalence Class Partition Testing Strategy},
  Author                   = {H\"ubner, Felix and Huang, Wen-ling and Peleska, Jan},
  Booktitle                = {Tests and Proofs},
  Publisher                = {Springer International Publishing},
  Year                     = {2015},
  Editor                   = {Blanchette, Jasmin Christian and Kosmatov, Nikolai},
  Pages                    = {155-172},
  Series                   = {Lecture Notes in Computer Science},
  Volume                   = {9154},

  Doi                      = {10.1007/978-3-319-21215-9\_10},
  ISBN                     = {978-3-319-21214-2},
  Keywords                 = {Model-based testing; Equivalence class partition testing; Adaptive random testing; SysML; State Transition Systems},
  Language                 = {English},
  Url                      = {http://dx.doi.org/10.1007/978-3-319-21215-9\_10}
}

@Article{PeHu14,
  Title                    = {Complete model-based equivalence class testing},
  Author                   = {Wen-ling Huang and Jan Peleska@InCollection{raey,
 Title = {Experimental Evaluation of a Novel Equivalence Class Partition Testing Strategy},
 Author = {HÃ¼bner, Felix and Huang, Wen-ling and Peleska, Jan},
 Booktitle = {Tests and Proofs},
 Publisher = {Springer International Publishing},
 Year = {2015},
 Editor = {Blanchette, Jasmin Christian and Kosmatov, Nikolai},
 Pages = {155-172},
 Series = {Lecture Notes in Computer Science},
 Volume = {9154},

 Doi = {10.1007/978-3-319-21215-9\_10},
 ISBN = {978-3-319-21214-2},
 Keywords = {Model-based testing; Equivalence class partition testing; Adaptive random testing; SysML; State Transition Systems},
 Language = {English},
 Url = {http://dx.doi.org/10.1007/978-3-319-21215-9\_10}
}
},
  Journal                  = {International Journal on Software Tools for Technology Transfer},
  Year                     = {2014},
  Pages                    = {1-19},

  Doi                      = {10.1007/s10009-014-0356-8},
  ISSN                     = {1433-2779},
  Owner                    = {hung_ha},
  Publisher                = {Springer Berlin Heidelberg},
  Timestamp                = {2015.12.16},
  Url                      = {http://dx.doi.org/10.1007/s10009-014-0356-8}
}

@InProceedings{NgCa14,
  Title                    = {Formal Verification of Coordination Systems' Requirements - A Case Study on the European Train Control System},
  Author                   = {Nguyen, Huu Nghiaa and Cavalli, Ana R.},
  Booktitle                = {SEKE 2014},
  Year                     = {2014},
  Editor                   = {Xu, Halping},
  Pages                    = {393--396},

  Owner                    = {hung_ha},
  Timestamp                = {2015.12.16}
}

@Misc{specfindingsTSP,
  Title                    = {ETCS Specification Findings},

  Author                   = {Huu Nghia Nguyen and Joaa Santos and Ana Cavalli},
  HowPublished             = {\url{https://github.com/openETCS/validation/tree/master/VnVUserStories/VnVUserStoryMinesTelecom/05-Work/SpecificationFindings}},
  Month                    = jan,
  Year                     = {2014},

  Institution              = {{openETCS}},
  Type                     = {Report}
}

